<?xml version="1.0" encoding="UTF-8"?><collection xmlns="http://www.loc.gov/MARC21/slim"><record><leader>00621nam--2200217-i-4500</leader><controlfield tag="001">000048395</controlfield><controlfield tag="002">20161230</controlfield><controlfield tag="005">20161230201047</controlfield><controlfield tag="008">060222s1000------------r-----000-0-rus-d</controlfield><datafield ind1=" " ind2=" " tag="040"><subfield code="a">IFIN-HH</subfield></datafield><datafield ind1=" " ind2=" " tag="041"><subfield code="a">rus</subfield></datafield><datafield ind1=" " ind2=" " tag="080"><subfield code="a">539.143.43</subfield></datafield><datafield ind1="1" ind2=" " tag="100"><subfield code="a">Abragam, A</subfield></datafield><datafield ind1="1" ind2="0" tag="245"><subfield code="a">Iadernyi magnetizm: poriadok i besporiadok</subfield><subfield code="c">A. abragam, m. goldman</subfield></datafield><datafield ind1=" " ind2=" " tag="260"><subfield code="a">Moskva, Mir, 1984. 360 P</subfield><subfield code="b">Mir</subfield><subfield code="c">1984</subfield></datafield><datafield ind1=" " ind2=" " tag="300"><subfield code="a">2 VOLUME</subfield></datafield><datafield ind1=" " ind2=" " tag="500"><subfield code="a">Titulul Original In Limba Engleza: Nuclear Magnetism: Order &amp; Disorder</subfield></datafield><datafield ind1="1" ind2=" " tag="700"><subfield code="a">Goldman, M</subfield></datafield><datafield ind1="1" ind2=" " tag="787"><subfield code="a">Tom 2</subfield><subfield code="h">360p</subfield></datafield><datafield ind1=" " ind2=" " tag="852"><subfield code="a">72256</subfield><subfield code="c">539.143.43</subfield></datafield><datafield ind1=" " ind2=" " tag="CAT"><subfield code="a">Sys</subfield><subfield code="c">20120511</subfield><subfield code="h">164633</subfield></datafield></record></collection>